@book{ref1,
  title={L'Avenir politique de l'Europe orientale...},
  author={Ionescu, Ghi»õa},
  volume={7},
  year={1967},
  publisher={Paris, Sedeis}
}

@article{ref2,
  title={Expected performance of the ATLAS experiment-detector, trigger and physics},
  author={Aad, G and Abat, E and Abbott, B and Abdallah, J and Abdelalim, AA and Abdesselam, A and Abdinov, O and Abi, B and Abolins, M and Abramowicz, H and others},
  year={2008}
}

@book{ref3,
  title={Epi Info, Version 5: A Word Processing, Database, and Statistics System for Epidemiology on Microcomputers},
  author={Dean, Andrew G and Dean, Jeffrey A and Brendel, Karl A},
  year={1990},
  publisher={US Department of Health and Human Services, Public Health Service, Centers for Disease Control}
}

@book{ref4,
  title={Understanding power quality problems},
  author={Bollen, Math HJ},
  volume={3},
  year={2000},
  publisher={IEEE press New York}
}