@article{main,
  author={L. Castelli Aleardi and S. Oudot},
  title={Introduction à la géométrie algorithmique et ses applications},
  year={2012},
  month={dec},
  pages={75 - 91},
  school={École Polytechnique}
}

@inproceedings{lips,
  title={Provably good sampling and meshing of Lipschitz surfaces},
  author={Boissonnat, Jean-Daniel and Oudot, Steve},
  booktitle={Proceedings of the twenty-second annual symposium on Computational geometry},
  pages={337--346},
  year={2006},
  organization={ACM}
}

@article{witn,
  title={Reconstruction using witness complexes},
  author={Guibas, Leonidas J and Oudot, Steve Y},
  journal={Discrete \& computational geometry},
  volume={40},
  number={3},
  pages={325--356},
  year={2008},
  publisher={Springer}
}

@misc{lyon,
  author={ENS Lyon},
  title={Géométrie algorithmique},
  month={fev},
  year={2005},
  note={\href{http://www.ens-lyon.fr/denif/data/elements\_algorithmique/1992/contenu/EAChap11.pdf}{http://www.ens-lyon.fr/denif/data/elements\_algorithmique/1992/contenu/EAChap11.pdf}}
}

@article{arbi,
  title={Manifold reconstruction in arbitrary dimensions using witness complexes},
  author={Boissonnat, Jean-Daniel and Guibas, Leonidas J and Oudot, Steve Y},
  journal={Discrete \& Computational Geometry},
  volume={42},
  number={1},
  pages={37--70},
  year={2009},
  publisher={Springer}
}

@article{dist,
  title={Only distances are required to reconstruct submanifolds},
  author={Boissonnat, Jean-Daniel and Dyer, Ramsay and Ghosh, Arijit and Oudot, Steve Y},
  journal={arXiv preprint arXiv:1410.7012},
  year={2014}
}

@article{fede,
  title={Curvature measures},
  author={Federer, Herbert},
  journal={Transactions of the American Mathematical Society},
  volume={93},
  number={3},
  pages={418--491},
  year={1959},
  publisher={JSTOR}
}

@article{webs,
  title={INF562 -- Computational Geometry: from Theory to Applications},
  author={Castelli Aleardi, L and Oudot, Steve Y},
  note={\href{http://www.enseignement.polytechnique.fr/informatique/INF562/}{http://www.enseignement.polytechnique.fr/informatique/INF562/}. Last update before access: 09/02/2016}
}

@article{echa,
  title={Surface reconstruction by Voronoi filtering},
  author={Amenta, Nina and Bern, Marshall},
  journal={Discrete \& Computational Geometry},
  volume={22},
  number={4},
  pages={481--504},
  year={1999},
  publisher={Springer}
}

@article{sque,
  title={Cours de morphologie mathématique},
  author={A. Manzanera},
  year={2003},
  note={Master 2 IMA – UPMC, ENSTA/LEI}
}